%YAML 1.1
%TAG !u! tag:unity3d.com,2011:
--- !u!1 &3463185394727547458
GameObject:
  m_ObjectHideFlags: 0
  m_CorrespondingSourceObject: {fileID: 0}
  m_PrefabInstance: {fileID: 0}
  m_PrefabAsset: {fileID: 0}
  serializedVersion: 6
  m_Component:
  - component: {fileID: 6739027696010799630}
  m_Layer: 0
  m_Name: SpawnPoint1
  m_TagString: Untagged
  m_Icon: {fileID: -5938655980376293919, guid: 0000000000000000d000000000000000, type: 0}
  m_NavMeshLayer: 0
  m_StaticEditorFlags: 0
  m_IsActive: 1
--- !u!4 &6739027696010799630
Transform:
  m_ObjectHideFlags: 0
  m_CorrespondingSourceObject: {fileID: 0}
  m_PrefabInstance: {fileID: 0}
  m_PrefabAsset: {fileID: 0}
  m_GameObject: {fileID: 3463185394727547458}
  m_LocalRotation: {x: -0, y: -0, z: -0, w: 1}
  m_LocalPosition: {x: -0.214, y: 0.6879966, z: 1.4}
  m_LocalScale: {x: 1, y: 1, z: 1}
  m_ConstrainProportionsScale: 0
  m_Children: []
  m_Father: {fileID: 3905155073500627558}
  m_RootOrder: 8
  m_LocalEulerAnglesHint: {x: 0, y: 0, z: 0}
--- !u!1 &5595752825880352621
GameObject:
  m_ObjectHideFlags: 0
  m_CorrespondingSourceObject: {fileID: 0}
  m_PrefabInstance: {fileID: 0}
  m_PrefabAsset: {fileID: 0}
  serializedVersion: 6
  m_Component:
  - component: {fileID: 2957073683635115862}
  m_Layer: 0
  m_Name: SpawnPoint2
  m_TagString: Untagged
  m_Icon: {fileID: -5938655980376293919, guid: 0000000000000000d000000000000000, type: 0}
  m_NavMeshLayer: 0
  m_StaticEditorFlags: 0
  m_IsActive: 1
--- !u!4 &2957073683635115862
Transform:
  m_ObjectHideFlags: 0
  m_CorrespondingSourceObject: {fileID: 0}
  m_PrefabInstance: {fileID: 0}
  m_PrefabAsset: {fileID: 0}
  m_GameObject: {fileID: 5595752825880352621}
  m_LocalRotation: {x: -0, y: -0, z: -0, w: 1}
  m_LocalPosition: {x: 0.166, y: 0.6879966, z: 1.4}
  m_LocalScale: {x: 1, y: 1, z: 1}
  m_ConstrainProportionsScale: 0
  m_Children: []
  m_Father: {fileID: 3905155073500627558}
  m_RootOrder: 9
  m_LocalEulerAnglesHint: {x: 0, y: 0, z: 0}
--- !u!1001 &3583559788659516813
PrefabInstance:
  m_ObjectHideFlags: 0
  serializedVersion: 2
  m_Modification:
    m_TransformParent: {fileID: 0}
    m_Modifications:
    - target: {fileID: -8679921383154817045, guid: 7d385333764c240fc8a4643687222c82, type: 3}
      propertyPath: m_RootOrder
      value: 0
      objectReference: {fileID: 0}
    - target: {fileID: -8679921383154817045, guid: 7d385333764c240fc8a4643687222c82, type: 3}
      propertyPath: m_LocalPosition.x
      value: 20.13
      objectReference: {fileID: 0}
    - target: {fileID: -8679921383154817045, guid: 7d385333764c240fc8a4643687222c82, type: 3}
      propertyPath: m_LocalPosition.y
      value: 1.53
      objectReference: {fileID: 0}
    - target: {fileID: -8679921383154817045, guid: 7d385333764c240fc8a4643687222c82, type: 3}
      propertyPath: m_LocalPosition.z
      value: 0
      objectReference: {fileID: 0}
    - target: {fileID: -8679921383154817045, guid: 7d385333764c240fc8a4643687222c82, type: 3}
      propertyPath: m_LocalRotation.w
      value: 1
      objectReference: {fileID: 0}
    - target: {fileID: -8679921383154817045, guid: 7d385333764c240fc8a4643687222c82, type: 3}
      propertyPath: m_LocalRotation.x
      value: 0
      objectReference: {fileID: 0}
    - target: {fileID: -8679921383154817045, guid: 7d385333764c240fc8a4643687222c82, type: 3}
      propertyPath: m_LocalRotation.y
      value: 0
      objectReference: {fileID: 0}
    - target: {fileID: -8679921383154817045, guid: 7d385333764c240fc8a4643687222c82, type: 3}
      propertyPath: m_LocalRotation.z
      value: 0
      objectReference: {fileID: 0}
    - target: {fileID: -8679921383154817045, guid: 7d385333764c240fc8a4643687222c82, type: 3}
      propertyPath: m_LocalEulerAnglesHint.x
      value: 0
      objectReference: {fileID: 0}
    - target: {fileID: -8679921383154817045, guid: 7d385333764c240fc8a4643687222c82, type: 3}
      propertyPath: m_LocalEulerAnglesHint.y
      value: 0
      objectReference: {fileID: 0}
    - target: {fileID: -8679921383154817045, guid: 7d385333764c240fc8a4643687222c82, type: 3}
      propertyPath: m_LocalEulerAnglesHint.z
      value: 0
      objectReference: {fileID: 0}
    - target: {fileID: -7172206312865395567, guid: 7d385333764c240fc8a4643687222c82, type: 3}
      propertyPath: m_Materials.Array.data[0]
      value: 
      objectReference: {fileID: 2100000, guid: a177dd2804ba54ef08b1b8eb503d6827, type: 2}
    - target: {fileID: -6678156215466058460, guid: 7d385333764c240fc8a4643687222c82, type: 3}
      propertyPath: m_IsActive
      value: 0
      objectReference: {fileID: 0}
    - target: {fileID: -4683669308469848369, guid: 7d385333764c240fc8a4643687222c82, type: 3}
      propertyPath: m_Materials.Array.data[0]
      value: 
      objectReference: {fileID: 2100000, guid: a177dd2804ba54ef08b1b8eb503d6827, type: 2}
    - target: {fileID: -2845779275431937956, guid: 7d385333764c240fc8a4643687222c82, type: 3}
      propertyPath: m_IsActive
      value: 0
      objectReference: {fileID: 0}
    - target: {fileID: -1354622732140865770, guid: 7d385333764c240fc8a4643687222c82, type: 3}
      propertyPath: m_IsActive
      value: 0
      objectReference: {fileID: 0}
    - target: {fileID: 919132149155446097, guid: 7d385333764c240fc8a4643687222c82, type: 3}
      propertyPath: m_Name
      value: Turrent Variant
      objectReference: {fileID: 0}
    - target: {fileID: 1657910353448952249, guid: 7d385333764c240fc8a4643687222c82, type: 3}
      propertyPath: m_Materials.Array.data[0]
      value: 
      objectReference: {fileID: 2100000, guid: a177dd2804ba54ef08b1b8eb503d6827, type: 2}
    - target: {fileID: 3252598760185861248, guid: 7d385333764c240fc8a4643687222c82, type: 3}
      propertyPath: m_IsActive
      value: 0
      objectReference: {fileID: 0}
    - target: {fileID: 3786791967287972283, guid: 7d385333764c240fc8a4643687222c82, type: 3}
      propertyPath: m_Materials.Array.data[0]
      value: 
      objectReference: {fileID: 2100000, guid: a177dd2804ba54ef08b1b8eb503d6827, type: 2}
    - target: {fileID: 3833836350996402130, guid: 7d385333764c240fc8a4643687222c82, type: 3}
      propertyPath: m_Materials.Array.data[0]
      value: 
      objectReference: {fileID: 2100000, guid: a177dd2804ba54ef08b1b8eb503d6827, type: 2}
    - target: {fileID: 7202271454713460447, guid: 7d385333764c240fc8a4643687222c82, type: 3}
      propertyPath: m_Materials.Array.data[0]
      value: 
      objectReference: {fileID: 2100000, guid: a177dd2804ba54ef08b1b8eb503d6827, type: 2}
    m_RemovedComponents: []
  m_SourcePrefab: {fileID: 100100000, guid: 7d385333764c240fc8a4643687222c82, type: 3}
--- !u!4 &3905155073500627558 stripped
Transform:
  m_CorrespondingSourceObject: {fileID: -8679921383154817045, guid: 7d385333764c240fc8a4643687222c82, type: 3}
  m_PrefabInstance: {fileID: 3583559788659516813}
  m_PrefabAsset: {fileID: 0}
--- !u!1 &4429911963562252508 stripped
GameObject:
  m_CorrespondingSourceObject: {fileID: 919132149155446097, guid: 7d385333764c240fc8a4643687222c82, type: 3}
  m_PrefabInstance: {fileID: 3583559788659516813}
  m_PrefabAsset: {fileID: 0}
--- !u!65 &8639917879804994364
BoxCollider:
  m_ObjectHideFlags: 0
  m_CorrespondingSourceObject: {fileID: 0}
  m_PrefabInstance: {fileID: 0}
  m_PrefabAsset: {fileID: 0}
  m_GameObject: {fileID: 4429911963562252508}
  m_Material: {fileID: 0}
  m_IsTrigger: 0
  m_Enabled: 1
  serializedVersion: 2
  m_Size: {x: 1.8, y: 1.2, z: 2}
  m_Center: {x: 0, y: 0.7, z: 0}
--- !u!114 &2467210746012738382
MonoBehaviour:
  m_ObjectHideFlags: 0
  m_CorrespondingSourceObject: {fileID: 0}
  m_PrefabInstance: {fileID: 0}
  m_PrefabAsset: {fileID: 0}
  m_GameObject: {fileID: 4429911963562252508}
  m_Enabled: 1
  m_EditorHideFlags: 0
  m_Script: {fileID: 11500000, guid: 93da90160095244ea823cbfc5cb4871f, type: 3}
  m_Name: 
  m_EditorClassIdentifier: 
  bullet: {fileID: 8718334233390956488, guid: 1297abcf1192f449d94ead11782a3631, type: 3}
  spawnPoints:
  - {fileID: 3463185394727547458}
  - {fileID: 5595752825880352621}
  objToFollow: {fileID: 0}
  typeOfWeapon: 0
